@conference{Dut09,
author= {Dutang Christophe and Diethelm Wuertz},
title= {A note on Random Number Generation},
year= {2009},
pages= {1-29},
booktitle= {Overview of Random Generation Algorithims}
}
@conference{Eve14,
author = {Adam Everspaugh et. al},
title = {Not so Random Numbers in Virtualized Linux and the Whirlwind RNG},
year = {2014},
booktitle = {Security and Privacy (SP)}
}
@conference{Wal16, 
author = {Kyle Wallace et. al},
title = {Toward Sensor-Based Random Number Generation for Mobile and IoT Devices},
year = {2016},
booktitle = {IEEE Internet of Things Journal}
}
@conference{Ell85,
author = {R. S. Ellis},
title = {Entropy Large Deviations and Statistical Mechanics},
year = {1985},
publisher = {Springer},
address = {New York NY}
}
@conference{Fer13,
author={Fenandes Diogo AB et. al},
title = {Randomness in virtual machines},
year = {2013},
booktitle = {Proceedings of the 2013 IEEE/ACM 6th International Conference on Utility and Cloud Computing}
}

@article{Mul13,
title={Cpu time jitter based non-physical true random number generator},
author={Muller, S},
journal={DOI= http://www. chronox. de/jent/doc/CPU-Jitter-NPTRNG. html},
year={2013}
}

@article{Vui12,
title={Entropy transfers in the Linux random number generator},
author={Vuillemin, Thibaut and Goichon, Fran{\c{c}}ois and Lauradoux, C{\'e}dric and Salagnac, Guillaume},
journal={hal-00738638, version},
pages={1--4},
year={2012}
}
@inproceedings{Gut06,
title={Analysis of the linux random number generator},
author={Gutterman, Zvi and Pinkas, Benny and Reinman, Tzachy},
booktitle={Security and Privacy, 2006 IEEE Symposium on},
pages={15--pp},
year={2006},
organization={IEEE}
}
@inproceedings{Vie03,
title={Practical random number generation in software},
author={Viega, John},
booktitle={Computer Security Applications Conference, 2003. Proceedings. 19th Annual},
pages={129--140},
year={2003},
organization={IEEE}
}
